@book{wickham2023r,
  title={R for data science},
  author={Wickham, Hadley and {\c{C}}etinkaya-Rundel, Mine and Grolemund, Garrett},
  year={2023},
  publisher={O'Reilly Media, Inc.} 
  }
@book{wickham2017r,
  title={R for data science},
  author={Wickham, Hadley and Grolemund, Garrett},
  year={2017},
  publisher={O'Reilly Media, Inc.}
  }
@Manual{skimr-rubia2024,
  title = {skimr: Compact and Flexible Summaries of Data},
  author = {Elin Waring and Michael Quinn and Amelia McNamara and Eduardo {Arino de la Rubia} and Hao Zhu and Shannon Ellis},
  year = {2024},
  note = {R package version 2.1.5,
    https://github.com/ropensci/skimr/},
  url = {https://docs.ropensci.org/skimr/}
  }

@Article{naniar-tierney2023,
  title = {Expanding Tidy Data Principles to Facilitate Missing Data Exploration, Visualization and Assessment of Imputations},
  author = {Nicholas Tierney and Dianne Cook},
  journal = {Journal of Statistical Software},
  year = {2023},
  volume = {105},
  number = {7},
  pages = {1--31},
  doi = {10.18637/jss.v105.i07}
  }
@article{vim-kowarik2016,
  title={Imputation with the R Package VIM},
  author={Kowarik, Alexander and Templ, Matthias},
  journal={Journal of statistical software},
  volume={74},
  number={7},
  pages={1--16},
  year={2016},
  doi = {10.18637/jss.v074.i07}
  }
@Manual{dataexplorer-cui2024,
  title = {DataExplorer: Automate Data Exploration and Treatment},
  author = {Boxuan Cui},
  year = {2024},
  note = {R package version 0.8.3},
  url = {http://boxuancui.github.io/DataExplorer/}
  }
@Manual{dlookr-ryu2024,
  title = {dlookr: Tools for Data Diagnosis, Exploration, Transformation},
  author = {Choonghyun Ryu},
  year = {2024},
  note = {R package version 0.6.3},
  url = {https://CRAN.R-project.org/package=dlookr}
    }
@article{Hyndman1996,
  author = {Rob J. Hyndman and Yanan Fan},
  title = {Sample Quantiles in Statistical Packages},
  journal = {The American Statistician},
  volume = {50},
  number = {4},
  pages = {361--365},
  year = {1996},
  publisher = {ASA Website},
  doi = {10.1080/00031305.1996.10473566},
  URL = {https://www.tandfonline.com/doi/abs/10.1080/00031305.1996.10473566},
  eprint = {https://www.tandfonline.com/doi/pdf/10.1080/00031305.1996.10473566}
  }
@book{hair2022, 
  place={Thousand Oaks, CA}, 
  title={A primer on partial least squares structural equation modeling (PLS-SEM)}, 
  publisher={SAGE Publications, Inc}, 
  author={Hair, Joseph F. and Hult, G. Tomas M. and Ringle, Christian M. and Sarstedt, Marko}, 
  year={2022}
  } 
@Article{gtsummary,
  author = {Daniel D. Sjoberg and Karissa Whiting and Michael Curry and Jessica A. Lavery and Joseph Larmarange},
  title = {Reproducible Summary Tables with the gtsummary Package},
  journal = {{The R Journal}},
  year = {2021},
  url = {https://doi.org/10.32614/RJ-2021-053},
  doi = {10.32614/RJ-2021-053},
  volume = {13},
  issue = {1},
  pages = {570-580}
  }
@Manual{summarytools,
  title = {summarytools: Tools to Quickly and Neatly Summarize Data},
  author = {Dominic Comtois},
  year = {2022},
  note = {R package version 1.0.1},
  url = {https://CRAN.R-project.org/package=summarytools},
  }
@Article{tidyverse,
  title = {Welcome to the {tidyverse}},
  author = {Hadley Wickham and Mara Averick and Jennifer Bryan and Winston Chang and Lucy D'Agostino McGowan and Romain François and Garrett Grolemund and Alex Hayes and Lionel Henry and Jim Hester and Max Kuhn and Thomas Lin Pedersen and Evan Miller and Stephan Milton Bache and Kirill Müller and Jeroen Ooms and David Robinson and Dana Paige Seidel and Vitalie Spinu and Kohske Takahashi and Davis Vaughan and Claus Wilke and Kara Woo and Hiroaki Yutani},
  year = {2019},
  journal = {Journal of Open Source Software},
  volume = {4},
  number = {43},
  pages = {1686},
  doi = {10.21105/joss.01686},
  }
@Book{ggplot2,
  author = {Hadley Wickham},
  title = {ggplot2: Elegant Graphics for Data Analysis},
  publisher = {Springer-Verlag New York},
  year = {2016},
  isbn = {978-3-319-24277-4},
  url = {https://ggplot2.tidyverse.org},
  }

